@misc{ngl,
author = {Jon Macey},
title = {NGL the NCCA Graphics Library},
year = {2014},
publisher = {GitHub},
journal = {GitHub repository},
howpublished = {\url{https://github.com/NCCA/NGL}}
}

@misc{nglMassSpring,
author = {Jon Macey},
title = {Mass Spring System using RK 4 integration},
year = {2015},
publisher = {GitHub},
journal = {GitHub repository},
howpublished = {\url{https://github.com/NCCA/MassSpring}}
}

@misc{gafferPhys,
author = {Glenn Fiedler},
title = {Physics in 3D},
year = {2004},
howpublished = {\url{https://gafferongames.com/post/physics_in_3d/}}
}

@misc{gafferSpring,
author = {Glenn Fiedler},
title = {Spring Physics},
year = {2004},
howpublished = {\url{https://gafferongames.com/post/spring_physics/}}
}

@misc{integrators,
author = {Florian Boesch},
title = {Integration by Example - Euler vs Verlet vs Runge-Kutta},
year = {2010},
howpublished = {\url{http://codeflow.org/entries/2010/aug/28/integration-by-example-euler-vs-verlet-vs-runge-kutta/}}
}

@inproceedings{siggraphPixar,
author = {Laurence Emms},
title = {GPGPU in Film Production - Mass-Spring GPU Demo},
publisher = {Presented by Pixar Animation Studios at SIGGRAPH Asia 2012},
howpublished = {\url{https://github.com/lemms/SiggraphAsiaDemo2012}},
year = {2012}
}

@article{restitution,
author = {Dr. David Kagan},
title = {Understanding the coefficient of restitution (COR) using mass/spring systems},
publisher = {Department of Physics, California State University, Chico},
howpublished = {\url{http://www.laserpablo.com/baseball/Kagan/UnderstandingCOR-v2.pdf}},
year = {2010}
}

@article{massSpringGPU,
author = {Georgii, Joachim and Westermann, R¨udiger},
title = {Mass-Spring Systems on the GPU},
publisher = {Computer Graphics & Visualization Group, Technische Universit¨at M¨unchen},
howpublished = {\url{http://citeseerx.ist.psu.edu/viewdoc/download?doi=10.1.1.450.3906&rep=rep1&type=pdf}},
year = {2005}
}

@article{surgical,
author = {Mosegaard, Jesper and Herborg, Peder, and Sørensen, Thomas Sangild},
title = {A GPU Accelerated Spring Mass System for Surgical Simulation},
publisher = {Department of Computer Science, Centre for Advanced Visualization and Interaction, University of Aarhus, Denmark},
howpublished = {\url{https://pdfs.semanticscholar.org/58b3/29aaa691cadfabd47877a6a0443c4bb669a1.pdf}},
year = {2005}
}